@online{NeXTSTEP,
author = {Tomi Engel},
title = {OpenStep Confusion},
year = {2000},
url = {"http://www.objectfarm.org/Activities/Publications/TheMerger/OpenstepConfusion.html"},
}

@online{DISTRO,
author = {{\relax Apple Inc.}},
title = {iTunes Connect},
year = {2013},
url = {"http://itunesconnect.apple.com"},
}

@online{ENGADGET,
author = {Michael Gorman},
title = {Apple: over 500 million iOS devices sold},
year = {2013},
url = {"http://www.engadget.com/2013/01/23/apple-over-500-million-ios-devices-sold/"},
}

@online{APPPRESS,
author = {Trudy Muller},
title = {Apple Press Info - Apple Updates iOS to 6.1},
year = {2013},
url = {"http://www.apple.com/pr/library/2013/01/28Apple-Updates-iOS-to-6-1.html"},
}

@online{DEVPORT,
author = {{\relax Apple Inc.}},
title = {iOS Dev Center},
year = {2013},
url = {"https://developer.apple.com/devcenter/ios/index.action"},
}

@online{ARC,
author = {{\relax Apple Inc.}},
title = {Transitioning to ARC Release Notes},
year = {2012},
url = {"http://developer.apple.com/library/mac/releasenotes/ObjectiveC/RN-TransitioningToARC/RN-TransitioningToARC.pdf"},
}

@Book{OBJC,
  author    = "Stephen G. Kochan",
  title     = "Objective-C 2.0",
  publisher = "Computer Press",
  address   = "Holandská 8, 639 00 Brno",
  year      =  2010,
}

@online{ODVA,
author = {{\relax Telefonica Czech Republic, a.s.}},
title = {Parametry FUP u mobilních datových služeb},
year = {2013},
url = {"http://www.o2.cz/osobni/sluzby-podle-abecedy/174895-Parametry_FUP.html"},
}


@Book{STEVE,
  author    = "Walter Isaacson",
  title     = "Steve Jobs",
  publisher = "Little, Brown",
  address   = "100 Victoria Embankment London EC4Y 0DY",
  year      =  2011,
}

@manual{RFC,
author = {The Internet Society},
title = {RTP: A Transport Protocol for Real-Time Applications},
year = {2003},
url = {"http://www.ietf.org/rfc/rfc3550.txt"}
}


@Book{JIT,
  author    = "William J. Cadzow",
  title     = "Foundations of Digital Signal Processing and Data Analysis New York",
  publisher = "Macmillan",
  address   = "New York",
  year      =  1987,
}

@online{HIG,
author = {{\relax Apple Inc.}},
title = {iOS Human Interface Guidelines},
year = {2013},
url = {"http://developer.apple.com/library/ios/documentation/UserExperience/Conceptual/MobileHIG/MobileHIG.pdf"},
}

@online{APPIN,
author = {{\relax AppleInsider Staff}},
title = {Apple bumps 3G/4G wireless download limit to 50 MB},
year = {2012},
url = {"http://appleinsider.com/articles/12/03/07/apple_ups_ota_downloads_to_50_mb.html"},
}

@online{TIWS,
author = {Jordi Domenech},
title = {Websockets for Titanium (and socket.io)},
year = {2012},
url = {"https://github.com/iamyellow/tiws"},
}





